%% LaTeX2e file `test.bib'
%% generated by the `filecontents' environment
%% from source `proposal' on 2023/05/17.
%%

@misc{camlp4,
  title        = "Camlp4",
  howpublished = "\url{https://en.wikipedia.org/wiki/Camlp4}",
}

@misc{extension_nodes,
  title        = "Extension Nodes",
  howpublished = "\url{https://ocaml.org/manual/extensionnodes.html}",
}

@misc{attributes,
  title        = "Attributes",
  howpublished = "\url{https://ocaml.org/manual/attributes.html}",
}

@misc{omp,
  title        = "OMP",
  howpublished = "\url{https://github.com/ocaml-ppx/ocaml-migrate-parsetree}",
}

@misc{ppxlib,
  title        = "Ppxlib",
  howpublished = "\url{https://github.com/ocaml-ppx/ppxlib}",
}

@misc{workshop2019,
  title        = "PPX in OCaml Workshop 2019",
  howpublished = "\url{https://icfp19.sigplan.org/details/ocaml-2019-papers/8/The-future-of-OCaml-PPX-towards-a-unified-and-more-robust-ecosystem}",
}

@misc{metaocaml,
  title        = "MetaOCaml",
  howpublished = "\url{https://okmij.org/ftp/ML/MetaOCaml.html}",
}

@misc{hygiene,
  title        = "PPX hygiene",
  howpublished = "\url{https://ocaml.org/p/ppxlib/latest/doc/good-practices.html}",
}

@misc{universe,
  title        = "PPX universe",
  howpublished = "\url{https://github.com/ocaml-ppx/ppx_universe}",
}

